@online{TutorialsPoint,
  author = {TutorialsPoint},
  title = {JDBC Tutorial},
  url = {https://www.tutorialspoint.com/jdbc/index.htm},
  urldate = {2019-02-11}
}